@book{Devlin,
    author    	= "Devlin, Keith J.",
    year      	= "1984",
    title     	= "Constructibility",
    publisher 	= "Springer-Verlag",
}

@book{Kanamori,
  author    	= "Kanamori, Akihiro",
  year      	= "2009",
  edition	= "Second",
  title     	= "The Higher Infinite",
  publisher 	= "Springer-Verlag",
}

@book{Jech,
  author	= "Jech, Thomas",
  year		= "2013",
  edition	= "Third Millenium edition",
  title		= "Set Theory",
  publisher	= "Springer",
}

@book{Handbook,
  editor	= "Foreman, Matthew and Kanamori, Akihiro",
  title		= "Handbook of Set Theory",
  year		= "2010",
  publisher	= "Springer",
}

@inbook{FS,
  author	= "Schindler, Ralf and Zeman, Martin",
  chapter	= "Fine Structure",
  crossref	= {Handbook},
}

@inbook{OIMT,
  author	= "Steel, John",
  chapter	= "An Outline of Inner Model Theory",
  crossref	= {Handbook},
}

@book{20th,
  editor	= "Sacks, Gerald E.",
  title		= "Mathematical Logic in the 20th Century",
  year		= "2003",
  publisher	= "Singapore University Press and World Scientific Publishing Co. Pte. Ltd.",
}

@inbook{Shoenfield,
  author	= "Shoenfield, J. R.",
  chapter	= "The Problem of Predicativity",
  crossref	= {20th},
}

@article{Sargsyanthesis,
  author	= "Sargsyan, Grigor",
  title		= "Hod Mice and the Mouse Set Conjecture",
  journal	= "Memoirs of the American Mathematical Society",
  year		= "2014",
  volume	= "236",
}

@article{DJ1,
  author	= "Dodd, A.J. and Jensen R.B.",
  title		= "The core model",
  journal	= "Ann. Math. Logic",
  year		= "1981",
  volume	= "20",
  pages		= "43--75",
}

@article{DJ2,
  author	= "Dodd, A.J. and Jensen R.B.",
  title		= "The covering lemma for K",
  journal	= "Ann. Math. Logic",
  year		= "1982",
  volume	= "22",
  pages		= "1--30",
}

@article{DJ3,
  author	= "Dodd, A.J. and Jensen R.B.",
  title		= "The covering lemma for L[U]",
  journal	= "Ann. Math. Logic",
  year		= "1982",
  volume	= "22",
  pages		= "127--135",
}

@article{Mitchell1,
  author	= "Mitchell, W.J.",
  title		= "The core model for sequences of measures I",
  journal	= "Math. Proc. of the Cambridge Phil. Soc.",
  year		= "1984",
  volume	= "74",
  pages		= "229--260",
}

@article{Mitchell2,
  author	= "Mitchell, W.J.",
  title		= "The core model for sequences of measures II",
  journal	= "Unpublished preliminary draft",
  year		= "1982",
}

@article{Kwithoutmeasurable,
  author	= "Jensen, R.B. and Steel, John",
  title		= "K without the measurable",
  journal	= "The Journal of Symbolic Logic",
  year		= "2013",
  volume	= "78",
  pages		= "708--734",
}

@article{WkCov,
  author	= "Mitchell, W.J. and Schimmerling, E. and Steel, John",
  title		= "The covering lemma up to a Woodin cardinal",
  journal	= "Annals of pure and applied logic",
  year		= "1997",
  volume	= "84",
  pages		= "219--255",
}

@article{StackingMice,
  author	= "Jensen, R.B. and Schimmerling, Ernest and Schindler, Ralf and Steel, John",
  title		= "Stacking mice",
  journal	= "The Journal of Symbolic Logic",
  year		= "2009",
  volume	= "74",
  pages		= "315--335",
}

@misc{RobustExtenders,
  author	= "Jensen, R.B.",
  title		= "Robust extenders, handwritten notes",
  year		= "2003",
  note		= "www.mathematik.hu-berlin.de/~raesch/org/jensen.html",
}

@article{Deconstructing,
  author	= "Schindler, Ralf-Dieter and Steel, John and Zeman, Martin",
  title		= "Deconstructing Inner Model Theory",
  journal	= "The Journal of Symbolic Logic",
  year		= "2002",
  volume	= "67",
  pages		= "721--736",
}

@book{Foundations,
  editor	= "Kennedy, Juliette and Kossak, Roman",
  title		= "Set Theory, Arithmetic, and Foundations of Mathematics",
  year		= "2011",
  publisher	= "Cambridge University Press",
}

@inbook{Woodinexpository,
  author	= "Woodin, W. Hugh",
  chapter	= "The Continuum Hypothesis, the generic-multiverse of sets, and the Omega Conjecture",
  crossref	= {Foundations},
}

@article{Schimmerling,
  author	= "Schimmerling, Ernest",
  title		= "The ABC's of Mice",
  journal	= "The Bulletin of Symbolic Logic",
  year		= "2001",
  volume	= "7",
  pages		= "485--503",
}

@book{FSIT,
  author	= "Steel, John and Mitchell, W.J.",
  title		= "Fine Structure and Iteration Trees",
  publisher	= "Springer-Verlag",
  year		= "1994"
}

@book{CMIP,
  author	= "Steel, John",
  title		= "The Core Model Iterability Problem",
  publisher	= "Springer-Verlag",
  year		= "1996"
}

@book{Colloquium97,
  editor	= "Cooper, S.B and Truss, J.K.",
  title		= "Sets and proofs: invited papers from Logic Colloquium '97, European Meeting of the Association for Symbolic Logic",
  year		= "1997",
  publisher	= "Cambridge University Press",
}

@inbook{Lowe,
  author	= "LÃ¶we, Benedikt and Steel, John",
  chapter	= "An introduction to core model theory",
  crossref	= {Colloquium97},
}

@article{Jensen,
  author	= "Jensen, R.B.",
  title		= "The fine structure of the constructible hierarchy",
  journal	= "Annals of mathematical logic",
  year		= "1972",
  volume	= "4",
  pages		= "229--308",
}

@article{MitchellWoodin,
  author	= "Mitchell, W.J.",
  title		= "Sets constructible from sequences of ultrafilters",
  journal	= "The Journal of Symbolic Logic",
  year		= "1974",
  volume	= "39",
  pages		= "57--66",
}

@misc{Godelsprogram,
  author	= "Steel, John",
  title		= "Godels Program",
  year		= "2012",
}
